@book{george1989principal,
  title={Principal components analysis},
  author={George H. Dunteman},
  number={69},
  year={1989},
  publisher={Sage}
}